<record><leader>00000cas a22000007a 4500</leader><controlfield tag="001">11012369</controlfield><controlfield tag="008">840802d18221826nhuwr ne      0    0eng  </controlfield><controlfield tag="009">466</controlfield><datafield ind1=" " ind2=" " tag="010"><subfield code="a">sn 84020518 </subfield></datafield><datafield ind1=" " ind2=" " tag="040"><subfield code="a">DLC</subfield><subfield code="b">eng</subfield><subfield code="c">DLC</subfield><subfield code="d">NPU</subfield><subfield code="d">NPA</subfield><subfield code="d">NVH</subfield><subfield code="d">IUL</subfield><subfield code="d">OCL</subfield><subfield code="d">HLS</subfield><subfield code="d">OCLCF</subfield></datafield><datafield ind1="1" ind2=" " tag="029"><subfield code="a">AU@</subfield><subfield code="b">000025811190</subfield></datafield><datafield ind1=" " ind2=" " tag="042"><subfield code="a">msc</subfield></datafield><datafield ind1=" " ind2=" " tag="043"><subfield code="a">n-us-ct</subfield></datafield><datafield ind1="0" ind2="0" tag="050"><subfield code="a">Newspaper 8701-X</subfield></datafield><datafield ind1="0" ind2=" " tag="130"><subfield code="a">New-Hampshire repository (Concord, N.H.)</subfield></datafield><datafield ind1="0" ind2="0" tag="245"><subfield code="a">New-Hampshire repository.</subfield></datafield><datafield ind1="2" ind2=" " tag="246"><subfield code="a">New Hampshire repository</subfield></datafield><datafield ind1=" " ind2=" " tag="260"><subfield code="a">Concord [N.H.] :</subfield><subfield code="b">John W. Shepard</subfield></datafield><datafield ind1=" " ind2=" " tag="300"><subfield code="a">v.</subfield></datafield><datafield ind1=" " ind2=" " tag="310"><subfield code="a">Weekly</subfield></datafield><datafield ind1="0" ind2=" " tag="362"><subfield code="a">New ser., Vol. 4, no. 1 (Apr. 1, 1822)-v. 8, no. 26 (June 24, 1826).</subfield></datafield><datafield ind1=" " ind2=" " tag="515"><subfield code="a">Vol. 5, no. 1 (Jan. 6, 1823)-v. 8, no. 26 (June 24, 1823) called also new ser. 41-222.</subfield></datafield><datafield ind1=" " ind2=" " tag="580"><subfield code="a">Merged with: New England observer; to form: Repository and observer.</subfield></datafield><datafield ind1=" " ind2="0" tag="651"><subfield code="a">Concord (N.H.)</subfield><subfield code="v">Newspapers.</subfield></datafield><datafield ind1=" " ind2="7" tag="655"><subfield code="a">Newspapers.</subfield><subfield code="2">fast</subfield><subfield code="0">(OCoLC)fst01423814</subfield></datafield><datafield ind1=" " ind2="7" tag="651"><subfield code="a">New Hampshire</subfield><subfield code="z">Concord.</subfield><subfield code="2">fast</subfield><subfield code="0">(OCoLC)fst01205752</subfield></datafield><datafield ind1=" " ind2=" " tag="752"><subfield code="a">United States</subfield><subfield code="b">New Hampshire</subfield><subfield code="c">Merrimack</subfield><subfield code="d">Concord.</subfield></datafield><datafield ind1="0" ind2="0" tag="780"><subfield code="t">Concord observer (Concord, N.H.)</subfield><subfield code="w">(DLC)sn 84031136</subfield><subfield code="w">(OCoLC)10654588</subfield></datafield><datafield ind1="1" ind2="7" tag="785"><subfield code="t">New England observer</subfield><subfield code="w">(DLC)sn 84020547</subfield><subfield code="w">(OCoLC)11110988</subfield></datafield><datafield ind1="1" ind2="7" tag="785"><subfield code="t">Repository and observer</subfield><subfield code="w">(DLC)sn 84020519</subfield><subfield code="w">(OCoLC)11012438</subfield></datafield></record>